@incollection{bandyopadhyay2013intention,
  title={Intention-aware motion planning},
  author={Bandyopadhyay, Tirthankar and Won, Kok Sung and Frazzoli, Emilio and Hsu, David and Lee, Wee Sun and Rus, Daniela},
  booktitle={Algorithmic foundations of robotics X},
  pages={475--491},
  year={2013},
  publisher={Springer}
}

@article{nisio2015stochastic,
  title={Stochastic control theory},
  author={Nisio, Makiko},
  journal={ISI Lecture Notes},
  volume={9},
  year={2015},
  publisher={Springer}
}

% Introduction to SDP, easy-to-understand value function formulation
@book{ross2014introduction,
  title={Introduction to stochastic dynamic programming},
  author={Ross, Sheldon M},
  year={2014},
  publisher={Academic press}
}

% Dice game formulation
% Contains comparison with other heuristics
% https://personal.vu.nl/h.c.tijms/morfismospaper.pdf
@article{tijms2007dice,
  title={Dice games and stochastic dynamic programming},
  author={Tijms, Henk},
  journal={Morfismos},
  volume={11},
  number={1},
  pages={1--14},
  year={2007}
}

% Stochastic process v.s. MDP
% https://itslearningakarmazyan.files.wordpress.com/2015/09/operation-research-aplications-and-algorithms.pdf
@book{winston2004operations,
  title={Operations research: applications and algorithms},
  author={Winston, Wayne L and Goldberg, Jeffrey B},
  volume={3},
  year={2004},
  publisher={Thomson/Brooks/Cole Belmont\^{} eCalif Calif}
}

% Blog post on MDP
% https://towardsdatascience.com/a-crash-course-in-markov-decision-processes-the-bellman-equation-and-dynamic-programming-e80182207e85

% Blackjack formulation
% https://towardsdatascience.com/learning-to-win-blackjack-with-monte-carlo-methods-61c90a52d53e

% Blackjack MDP
% https://kunalmenda.com/2016/08/20/optimal-blackjack-strategy-using-mdp-solvers/

% Blackjack
% https://en.wikipedia.org/wiki/Blackjack

% Overview of SDP: with Curse of Dimensionality
% https://www.control.utoronto.ca/people/profs/kwong/ece1639/2010/notes/chap5.pdf
% Dynamic Programming and Optimal Control: 2nd edition,‚Äù Vols. I and II, Athena Scientific, 2001, by Dimitri P. Bertsekas
% https://dspace.mit.edu/bitstream/handle/1721.1/75813/6-231-fall-2008/contents/lecture-notes/all_slides_2003.pdf
@misc{bertsekas1995dynamic,
  title={Dynamic Programming and Optimal Control},
  author={Bertsekas, Dimitri P},
  year={1995},
  publisher={Athena Scientific}
}

@misc{Rogers2010coursenotes,
  author        = {Edward S. Rogers Sr.},
  title         = {Course Notes for Analysis and Control of Stochastic Systems},
  year          = {2010},
  publisher={University of Toronto Department of Electrical and Computer Engineering},
  howpublished = {https://www.control.utoronto.ca/people/profs/kwong/1639-2010.html}
}

@article{gutin2002traveling,
  title={Traveling salesman should not be greedy: domination analysis of greedy-type heuristics for the TSP},
  author={Gutin, Gregory and Yeo, Anders and Zverovich, Alexey},
  journal={Discrete Applied Mathematics},
  volume={117},
  number={1-3},
  pages={81--86},
  year={2002},
  publisher={Elsevier}
}

@article{bellman1966dynamic,
  title={Dynamic programming},
  author={Bellman, Richard},
  journal={Science},
  volume={153},
  number={3731},
  pages={34--37},
  year={1966},
  publisher={American Association for the Advancement of Science}
}

@article{bellman1957markovian,
  title={A Markovian decision process},
  author={Bellman, Richard},
  journal={Journal of mathematics and mechanics},
  volume={6},
  number={5},
  pages={679--684},
  year={1957},
  publisher={JSTOR}
}

@misc{howard1960dynamic,
  title={Dynamic programming and markov processes.},
  author={Howard, Ronald A},
  year={1960},
  publisher={John Wiley}
}

@article{van1976set,
  title={A set of successive approximation methods for discounted Markovian decision problems},
  author={Van Nunen, JAEE},
  journal={Zeitschrift fuer operations research},
  volume={20},
  number={5},
  pages={203--208},
  year={1976},
  publisher={Springer}
}

@article{puterman1978modified,
  title={Modified policy iteration algorithms for discounted Markov decision problems},
  author={Puterman, Martin L and Shin, Moon Chirl},
  journal={Management Science},
  volume={24},
  number={11},
  pages={1127--1137},
  year={1978},
  publisher={INFORMS}
}

@article{toriello2014dynamic,
  title={A dynamic traveling salesman problem with stochastic arc costs},
  author={Toriello, Alejandro and Haskell, William B and Poremba, Michael},
  journal={Operations Research},
  volume={62},
  number={5},
  pages={1107--1125},
  year={2014},
  publisher={INFORMS}
}

@book{powell2007approximate,
  title={Approximate Dynamic Programming: Solving the curses of dimensionality},
  author={Powell, Warren B},
  volume={703},
  year={2007},
  publisher={John Wiley \& Sons}
}

@misc{zhang2021,
  author = {Zhang, Chuan Tian},
  title = {SYDE 655 Tutorial Paper and Code},
  year = {2021},
  publisher = {GitHub},
  journal = {GitHub repository},
  howpublished = {\url{https://github.com/ben-z/syde655-tutorial-paper}},
  }
}